@misc{qiita_kanpou,
    title = {{Cygwin(64bit)とgitのインストール}},
    note = "\url{http://qiita.com/kanpou_/items/0764381301d37e04157b}"
}
@misc{ubuntu_download,
    title = {{Ubuntu Desktop 日本語 Remixのダウンロード}},
    note = "\url{https://www.ubuntulinux.jp/download/ja-remix}"
}
@misc{USBWriter,
    title = {{USBWriter}},
    note = "\url{https://osdn.jp/projects/sfnet_usbwriter/}"
}


















% MUSCL

@article{Bram1977,
    author = {Bram Van Leer},
    journal = {Journal of computational physics},
    number = {3},
    pages = {276--299},
    title = {{Towards the ultimate conservative difference scheme. IV. A new approach to numerical convection.}},
    volume = {23},
    year = {1977}
}

@article{Yamamoto1993,
    author = {S. Yamamoto and H. Daiguji},
    journal = {Computers \& Fluids},
    number = {2},
    pages = {259--270},
    title = {{Higher-order-accurate upwind schemes for solving the compressible Euler and Navier-Stokes equations.}},
    volume = {22},
    year = {1993}
}

% explosion and birdstrile
@misc{explosion,
    title = {{科学警察研究所}},
    note = "\url{https://www.npa.go.jp/nrips/jp/second/explosion.html}"
}
@misc{bird,
    title = {{AIRLINERS.NET}},
    note = "\url{http://www.airliners.net}"
}

% GPU performance

@misc{Top500,
    title = {{Top500 Supercomputer Sites}},
    note = "\url{http://www.top500.org}"
}
@misc{Green500,
    title = {{Green500}},
    note = "\url{http://www.green500.org}"
}
@misc{GPUvsCPU,
    title = {{NVIDIA CUDA C Programing Guide}},
    note = "\url{http://docs.nvidia.com/cuda/cuda-c-programming-guide/}"
}

% IB Method
@article{IBM,
    author = {E. A. Fadlun},
    journal = {Journal of Computational Physics},
    number = {1},
    pages = {35--60},
    title = {{Combined immersed-boundary finite-difference methods for three-dimensional complex flow simulations.}},
    volume = {161},
    year = {2000}
}

@article{IBMCAL,
    author = {Shun Takahashi, Taku Nonomura and Kota Fukuda},
    journal = {Journal of Applied Mathematics},
    number = {252478},
    title = {{A Numerical Scheme Based on an Immersed Boundary Method for Compressible Turbulent Flows with Shocks : Application to Two-Dimensional Flows around Cylinders.}},
    volume = {2014},
    year = {2014}
}

% SGM
@article{SGM,
    author = {J. G. Zhou, D. M. Causon and C. G. Mingham},
    journal = {Journal of Computational Physics},
    number = {1},
    pages = {1--25},
    title = {{The surface gradient method for the treatment of source terms in the shallow-water equations.}},
    volume = {168},
    year = {2001}
}

% VOF tsunami
@article{四條利久磨2012複数構造物に作用する津波波力に関する,
  title={{複数構造物に作用する津波波力に関する 3 次元数値シミュレーション}},
  author={四條利久磨 and 佐藤敏浩 and 池末俊一},
  journal={土木学会論文集 B2 (海岸工学)},
  volume={68},
  number={2},
  pages={I\_761--I\_765},
  year={2012},
  publisher={Japan Society of Civil Engineers}
}
%particle tsunami
@article{藤本啓介2013高解像度地形モデルを用いた,
  title={{高解像度地形モデルを用いた ISPH 法による津波シミュレーション}},
  author={藤本啓介 and 浅井光輝 and 一色正晴 and 館澤寛 and 三上勉},
  journal={土木学会論文集 A1 (構造・地震工学)},
  volume={69},
  number={4},
  pages={I\_622--I\_629},
  year={2013},
  publisher={Japan Society of Civil Engineers}
}

% runup
@article{runup,
    author = {C. E. Synolakis},
    journal = {Journal of Fluid Mechanics},
    pages = {523--545},
    title = {{The runup of solitary waves.}},
    volume = {185},
    year = {1987}
}

@article{thin,
    author = {S. Vincent, J-P. Caltagirone and P. Bonneton},
    journal = {Journal of hydraulic research},
    number = {1},
    pages = {41--49},
    title = {{The surface gradient method for the treatment of source terms in the shallow-water equations.}},
    volume = {39},
    year = {2001}
}

@article{narrow,
    author = {A. B. Kennedy, Q. Chen, J. T. Kirby and R. A. Dalrymple},
    journal = {Journal of Waterway, Port, Coastal, and Ocean Engineering},
    number = {1},
    pages = {39--47},
    title = {{Boussinesq modeling of wave transformation, breaking, and runup. I: 1D.}},
    volume = {126},
    year = {2009}
}

@article{Akoh,
    author = {Ryosuke Akoh, Satoshi Ii, and Feng Xiao},
    journal = {International journal for numerical methods in fluids},
    number = {12},
    pages = {2245--2270},
    title = {{A CIP/multi‐moment finite volume method for shallow water equations with source terms.}},
    volume = {56},
    year = {2008}
}

%manning
@article{土木学会1999水,
  title={{水 理 公 式 集 [平 成 11 年 版]}},
  author={土木学会},
  year={1999}
}


% DEM
@article{DEM,
    author = {P. A. Cundall and O. D. Strack},
    journal = {Geotechnique},
    number = {1},
    pages = {47--65},
    title = {{A discrete numerical model for granular assemblies.}},
    volume = {29},
    year = {1979}
}

@article{mill2007,
    author = {木村真喜男 and 鳴海雅之 and 児林智成},
    journal = {住友化学},
    number = {2},
    pages = {31--38},
    title = {{離散要素法シミュレーションによるボールミルの設計手法}},
    year = {2007}
}

@article{neighbor,
    author = {平林久義 and 佐藤雅弘},
    journal = {日本計算工学会論文集},
    number = {20100001},
    title = {{線形リストを用いた粒子法の近傍粒子探索}},
    volume = {2010},
    year = {2010}
}

%sod
@article{Sod,
    author = {G. A. Sod},
    journal = {Journal of computational physics},
    number = {1},
    pages = {1--31},
    title = {{A survey of several finite difference methods for systems of nonlinear hyperbolic conservation laws.}},
    volume = {27},
    year = {1978}
}

%woodward
@article{Woodward,
    author = {P. Woodward and P. Colella},
    journal = {Journal of computational physics},
    number = {1},
    pages = {115--173},
    title = {{The numerical simulation of two-dimensional fluid flow with strong shocks.}},
    volume = {54},
    year = {1984}
}

%low-Re cylinder Ref
@article{Coutan,
    author = {M. Coutanceau and R. Bouard},
    journal = {Journal of Fluid Mechanics},
    pages = {231--256},
    title = {{Experimental determination of the main features of the viscous flow in the wake of a circular cylinder in uniform translation. Part 1. Steady flow.}},
    volume = {79.02},
    year = {1977}
}

@book{Linnick,
author = {M. N. Linnick and H. F. Fasel },
publisher = {University of Arizona.},
title = {{A high-order immersed boundary method for unsteady incompressible flow calculations.}},
year = 2003
}

@article{Palma,
    author = {P. De Palma and M. D. De Tullio},
    journal = {Computers \& fluids},
    pages = {693--702},
    title = {{An immersed-boundary method for compressible viscous flows.}},
    volume = {35.7},
    year = {2006}
}

@article{Berger,
    author = {E. Berger and R. Wille},
    journal = {Annual Review of Fluid Mechanics},
    pages = {313--340},
    title = {{Periodic flow phenomena.}},
    volume = {4.1},
    year = {1972}
}

%Mach cylinder Ref
@article{takahashi2014numerical,
  title={{A Numerical Scheme Based on an Immersed Boundary Method for Compressible Turbulent Flows with Shocks: Application to Two-Dimensional Flows around Cylinders}},
  author={Takahashi Shun, Nonomura Taku and Fukuda Kota},
  journal={Journal of Applied Mathematics},
  volume={2014},
  year={2014},
  publisher={Hindawi Publishing Corporation}
}

%dam break
@book{stoker2011water,
  title={{Water waves: The mathematical theory with applications}},
  author={Stoker, James Johnston},
  volume={36},
  year={2011},
  publisher={John Wiley \& Sons}
}
%frictional bowl
@article{sampson2006moving,
  title={{Moving boundary shallow water flow above parabolic bottom topography}},
  author={Sampson, Joe and Easton, Alan and Singh, Manmohan},
  journal={Anziam Journal},
  volume={47},
  pages={373--387},
  year={2006}
}

@article{liang2009numerical,
  title={{Numerical resolution of well-balanced shallow water equations with complex source terms}},
  author={Liang, Qiuhua and Marche, Fabien},
  journal={Advances in water resources},
  volume={32},
  number={6},
  pages={873--884},
  year={2009},
  publisher={Elsevier}
}

%2D parabolic bowl
@article{thacker1981some,
  title={{Some exact solutions to the nonlinear shallow-water wave equations}},
  author={Thacker, William Carlisle},
  journal={Journal of Fluid Mechanics},
  volume={107},
  pages={499--508},
  year={1981},
  publisher={Cambridge Univ Press}
}

%3d sphere ref
@article{almedeij2008drag,
  title={{Drag coefficient of flow around a sphere: Matching asymptotically the wide trend}},
  author={Almedeij, Jaber},
  journal={Powder Technology},
  volume={186},
  number={3},
  pages={218--223},
  year={2008},
  publisher={Elsevier}
}

@article{武藤昌也2011回転球に作用する負のマグヌス力の数値解析,
  title={{回転球に作用する負のマグヌス力の数値解析}},
  author={武藤昌也 and 坪倉誠 and 大島伸行},
  journal={日本機械学会論文集 B 編},
  volume={77},
  number={775},
  pages={781--792},
  year={2011},
  publisher={The Japan Society of Mechanical Engineers}
}

%sponge BC
@article{poinsot1992boundary,
  title={{Boundary conditions for direct simulations of compressible viscous flows}},
  author={Poinsot, T J\&amp and Lelef, SK},
  journal={Journal of computational physics},
  volume={101},
  number={1},
  pages={104--129},
  year={1992},
  publisher={Elsevier}
}








@phdthesis{Sugihara2011,
    author = {Sugihara, Kenta},
    title = {{界面追跡法による多相流シミュレーションのGPUを用いた高速化}},
    year = {2011},
    school = {東京工業大学}
}

@article{Tan2011,
    author = {Tan, Naruhiko and Aoki, Takayuki and Inoue, Keisuke and Yoshitani, Kiyofumi},
    journal = {日本機械学会論文集（B編）},
    number = {781},
    pages = {11--26},
    title = {回転体に駆動される気液二相流の数値計算},
    volume = {77},
    year = {2011}
}

@article{Fritts1979,
author = "Fritts, M.J and Boris, J.P",
journal = "Journal of Computational Physics ",
number = "2",
pages = "173 - 215",
title = "The Lagrangian solution of transient problems in hydrodynamics using a triangular mesh ",
volume = "31",
year = "1979",
}
@article{Francois2006,
author = {Francois, Marianne M. and Cummins, Sharen J. and Dendy, Edward D. and Kothe, Douglas B. and Sicilian, James M. and Williams, Matthew W.},
journal = {Journal of Computational Physics},
month = {mar},
number = {1},
pages = {141--173},
title = {{A balanced-force algorithm for continuous and sharp interfacial surface tension models within a volume tracking framework}},
volume = {213},
year = {2006}
}

@article{Harlow1965,
author = {Harlow, FH and Welch, JE},
journal = {Physics of fluids},
number = {12},
pages = {2182--2189},
title = {{Numerical Calculation of Time-Dependent Viscous Incompressible Flow of Fluid with Free Surface}},
volume = {8},
year = {1965}
}

@article{Yabe1995,
author = {Yabe, T. and Xiao, F.},
journal = {Computers \& Mathematics with Applications},
number = {1},
pages = {15--25},
title = {{Description of complex and sharp interface with fixed grids in incompressible and compressible fluid}},
volume = {29},
year = {1995}
}

@article{Osher1988,
author = {Osher, Stanley and Sethian, James a},
journal = {Journal of Computational Physics},
pages = {12--49},
number = {1},
title = {{Fronts propagating with curvature-dependent speed: Algorithms based on Hamilton-Jacobi formulations}},
volume = {79},
year = {1988}
}

@book{Osher2003,
author = {Osher, S. and Fedkiw, R.},
publisher = {Springer Verlag},
title = {Level Set Methods and Dynamic Implicit Surfaces},
year = 2003
}


@article{Sussman1994,
author = {Sussman, M and Smereka, P and Osher, S},
journal = {Journal of Computational physics},
pages = {146--159},
title = {{A Level Set Approach for Computing Solutions to Incompressible Two-Phase Flow}},
volume = {114},
year = {1994}
}

@article{Hirt1981,
author = {Hirt, C.W and Nichols, B.D},
journal = {Journal of Computational Physics},
number = {1},
pages = {201--225},
title = {{Volume of fluid (VOF) method for the dynamics of free boundaries}},
volume = {39},
year = {1981}
}
@inbook{Youngs1982,
author = {Youngs, D L},
booktitle = {Numerical Methods in Fluid Dynamics},
pages = {273--285},
title = {{Time-Dependent Multi-Material Flow with large Fluid Distorsion}},
year = {1982},
publisher = {Academic Press}
}

@article{Sussman2000,
author = {Sussman, M and Puckett, EG},
journal = {Journal of Computational Physics},
number = {2},
pages = {301--337},
title = {{A Coupled Level Set and Volume-of-Fluid Method for Computing 3D and Axisymmetric Incompressible Two-Phase Flows}},
volume = {162},
year = {2000}
}

@article{Jiang2000,
author = {Jiang, GS and Peng, D},
journal = {SIAM Journal on Scientific computing},
pages = {1--24},
title = {{Weighted ENO Schemes for Hamilton-Jacobi Equations}},
volume = {2},
year = {2000}
}

@article{Yokoi2013,
author = {Yokoi, K},
journal = {Journal of Computational Physics},
number = {1},
pages = {252--271},
title = {{A practical numerical framework for free surface flows based on CLSVOF method , multi-moment methods and density-scaled CSF model : Numerical simulations of droplet splashing}},
volume = {232},
year = {2013}
}
@article{Yokoi2007,
author = {Yokoi, K},
journal = {Journal of Computational Physics},
number = {2},
pages = {1985--2002},
title = {{Efficient implementation of THINC scheme: A simple and practical smoothed VOF algorithm}},
volume = {226},
year = {2007}
}
@article{Yokoi2014,
title = "A density-scaled continuum surface force model within a balanced force formulation ",
journal = "Journal of Computational Physics ",
volume = "278",
number = "",
pages = "221 - 228",
year = "2014",
author = "Kensuke Yokoi",
}



@article{Shu1988,
author = {Shu, CW and Osher, S},
journal = {Journal of Computational Physics},
number = {2},
pages = {439--471},
title = {{Efficient Implementation of Essentially Non-oscillatory Shock-Capturing Schemes}},
volume = {77},
year = {1988}
}
@article{Kleefsman2005,
author = {Kleefsman, K.M.T. and Fekken, G. and a.E.P. Veldman and Iwanowski, B. and Buchner, B.},
journal = {Journal of Computational Physics},
number = {1},
pages = {363--393},
title = {{A Volume-of-Fluid based simulation method for wave impact problems}},
volume = {206},
year = {2005}
}

@article{Annaland2005,
author = {{van Sint Annaland}, M. and Deen, N.G. and Kuipers, J.a.M.},
journal = {Chemical Engineering Science},
number = {11},
pages = {2999--3011},
title = {{Numerical simulation of gas bubbles behaviour using a three-dimensional volume of fluid method}},
volume = {60},
year = {2005}
}

@article{Grace1973,
  title={{Shapes and velocities of bubbles rising in infinite liquids}},
  author={{Grace, JR}},
  journal={Trans. Inst. Chem. Eng.},
  volume={51},
  number={2},
  pages={116--120},
  year={1973}
}

@article{Peskin1972,
author = {Peskin, C. S.},
journal = {Journal of Computational Physics},
pages = {252 -- 271},
volume = {10},
title = {{Flow patterns around heart valves: A numerical method}},
number = {2},
year = {1972}
}
@article {Xiao2005,
author = {Xiao, F. and Honma, Y. and Kono, T.},
journal = {International Journal for Numerical Methods in Fluids},
volume = {48},
title = {A simple algebraic interface capturing scheme using hyperbolic tangent function},
number = {9},
pages = {1023--1040},
year = {2005},
}

@article{Xiao2004,
author = {Xiao, Feng},
journal = {European Congress on Comutational Methods in Applied Sciences and Engineering},
title = {{Multi-Fluid Simulations Using CIP Finite Volume Method VSIAM3}},
year = {2004}
}
@article{Hirt1993,
author = {Hirt, C W},
pages = {327--338},
title = {{Volume-Fraction Techniques : Powerful Tools for Wind Engineering}},
volume = {47},
year = {1993}
}
@article{Yusof1997,
author = {Mohd-Yusof, J},
journal = {Annual Research Briefs. NASA Ames Research Center},
pages = {317--327},
title = {{Combined immersed-boundary/B-spline methods for simulations of ow in complex geometries}},
year = {1997}
}
@article{Tucker2000,
title = "A Cartesian cut cell method for incompressible viscous flow ",
journal = "Applied Mathematical Modelling ",
volume = "24",
number = "8--9",
pages = "591--606",
year = "2000",
author = "P.G Tucker and Z Pan",
}

@book{Clift1978,
  title={{Bubbles, Drops, and Particles}},
  author={{Clift, R. and Grace, J.R. and Weber, M.E.}},
  year={1978},
  publisher={Academic Press}
}
@book{Lynch2006,
  title={The Emergence of Numerical Weather Prediction: Richardson's Dream},
  author={Lynch, P.},
  year={2006},
  publisher={Cambridge University Press}
}



@article{Amseden1970,
author = {Amseden, A. A. and Harlow, F. H.},
journal = {Journal of Computational Physics},
pages = {322--325},
title = {{A simplified MAC Technique for incompressible fluid flow calculations}},
volume = {6},
year = {1970}
}

@article{Brackbill1991,
author = {Brackbill, JU and Kothe, DB and Zemach, C},
journal = {Journal of Computational Physics},
pages = {335--354},
title = {{A Continuum Method for Modeling Surface Tension}},
volume = {100},
year = {1992}
}
@article{Rider1998,
author = "William J. Rider and Douglas B. Kothe",
title = "Reconstructing Volume Tracking ",
journal = "Journal of Computational Physics ",
volume = "141",
number = "2",
pages = "112 - 152",
year = "1998"
}

@article{Chorin1968,
author = {Chorin, Alexandre Joel},
journal = {Mathematics of computation},
number = {104},
pages = {745--762},
title = {{Numerical solutions of the Navier-Stokes equations}},
volume = {22},
year = {1968}
}
@article{Yabe2001,
author = {Yabe, Takashi and Xiao, Feng and Utsumi, Takayuki},
journal = {Journal of Computational Physics},
month = {may},
number = {2},
pages = {556--593},
title = {{The Constrained Interpolation Profile Method for Multiphase Analysis}},
volume = {169},
year = {2001}
}
@article{Chorin1967,
author = {Chorin, Alexandre Joel},
journal = {Journal of Computational Physics},
pages = {118--125},
title = {{A Numerical Method for Solving Incompressible Viscous Flow Problems}},
volume = {135},
year = {1997}
}

@article{Patankar1972,
author = {Patankar, S.V and Spalding, D.B},
journal = {International Journal of Heat and Mass Transfer},
number = {10},
pages = {1787--1806},
title = {{A calculation procedure for heat, mass and momentum transfer in three-dimensional parabolic flows}},
volume = {15},
year = {1972}
}
@article{Nakamura1990,
  title={{ノイマン条件を持つ圧力ポアソン方程式の新しい数値計算法}},
  author={中村 佳朗 and 賈 為 and 保原 充},
  journal={日本航空宇宙学会誌},
  volume={38},
  number={441},
  pages={541-550},
  year={1990},
}
@article{Nagano2011,
  title={{GPUによる大規模疎行列の高速解法 --AMGCG法による並列スムーサの比較--}},
  author={永野勝尋},
  journal={みずほ情報総研 技報},
  volume={3},
  number={1},
  pages={54-59},
  year={2011},
}
@article{Ingram2003,
title = "Developments in Cartesian cut cell methods ",
journal = "Mathematics and Computers in Simulation ",
volume = "61",
number = "3–6",
pages = "561 - 572",
year = "2003",
author = "D.M. Ingram and D.M. Causon and C.G. Mingham",
}


@inbook{Sussman2001,
    Author = {Mark Sussman},
    Booktitle = {Adaptive Method of Lines},
    Publisher = {Chapman and Hall/CRC},
    Title = {An Adaptive Mesh Algorithm for Free Surface Flows in General Geometries},
    Year = {2001},
}

